<record><leader>00000cas a22000007a 4500</leader><controlfield tag="001">11940886</controlfield><controlfield tag="008">850419u1970uuuunjuwr ne      0    0hun d</controlfield><datafield ind1=" " ind2=" " tag="010"><subfield code="a">sn 85035594 </subfield></datafield><datafield ind1=" " ind2=" " tag="040"><subfield code="a">NPA</subfield><subfield code="b">eng</subfield><subfield code="c">NPA</subfield><subfield code="d">NJW</subfield><subfield code="d">NPA</subfield><subfield code="d">OCLCQ</subfield><subfield code="d">OCLCF</subfield><subfield code="d">OCLCO</subfield><subfield code="d">OCLCQ</subfield></datafield><datafield ind1="0" ind2=" " tag="041"><subfield code="a">hun</subfield><subfield code="a">eng</subfield></datafield><datafield ind1=" " ind2=" " tag="042"><subfield code="a">msc</subfield></datafield><datafield ind1=" " ind2=" " tag="043"><subfield code="a">n-us-nj</subfield></datafield><datafield ind1="0" ind2=" " tag="130"><subfield code="a">Magyar hirado&#769; (New Brunswick, N.J.)</subfield></datafield><datafield ind1="1" ind2="0" tag="245"><subfield code="a">Magyar hirado&#769; =</subfield><subfield code="b">Magyar herald.</subfield></datafield><datafield ind1="3" ind2="1" tag="246"><subfield code="a">Magyar herald</subfield></datafield><datafield ind1=" " ind2=" " tag="260"><subfield code="a">New Brunswick, N.J. :</subfield><subfield code="b">Associated Hungarian Press,</subfield><subfield code="c">1970-</subfield></datafield><datafield ind1=" " ind2=" " tag="300"><subfield code="a">volumes :</subfield><subfield code="b">illustrations</subfield></datafield><datafield ind1=" " ind2=" " tag="310"><subfield code="a">Weekly</subfield></datafield><datafield ind1=" " ind2=" " tag="336"><subfield code="a">text</subfield><subfield code="b">txt</subfield><subfield code="2">rdacontent</subfield></datafield><datafield ind1=" " ind2=" " tag="337"><subfield code="a">unmediated</subfield><subfield code="b">n</subfield><subfield code="2">rdamedia</subfield></datafield><datafield ind1=" " ind2=" " tag="338"><subfield code="a">volume</subfield><subfield code="b">nc</subfield><subfield code="2">rdacarrier</subfield></datafield><datafield ind1="0" ind2=" " tag="362"><subfield code="a">Vol. 62, no. 45 (Nov. 5, 1970)-</subfield></datafield><datafield ind1=" " ind2=" " tag="546"><subfield code="a">In Hungarian with some notices in English.</subfield></datafield><datafield ind1=" " ind2=" " tag="580"><subfield code="a">Formed by the union of: Magyar hirno&#776;k; Hirado&#769;; Szabad sajto&#769;; Fu&#776;ggetlense&#769;g; and: Bethdehemi hirado&#769;.</subfield></datafield><datafield ind1=" " ind2="0" tag="650"><subfield code="a">Hungarians</subfield><subfield code="z">New Jersey</subfield><subfield code="v">Newspapers.</subfield></datafield><datafield ind1=" " ind2="7" tag="650"><subfield code="a">Hungarians.</subfield><subfield code="2">fast</subfield><subfield code="0">(OCoLC)fst00964057</subfield></datafield><datafield ind1=" " ind2="7" tag="651"><subfield code="a">New Jersey.</subfield><subfield code="2">fast</subfield><subfield code="0">(OCoLC)fst01208379</subfield></datafield><datafield ind1=" " ind2="7" tag="655"><subfield code="a">Newspapers.</subfield><subfield code="2">fast</subfield><subfield code="0">(OCoLC)fst01423814</subfield></datafield><datafield ind1=" " ind2=" " tag="752"><subfield code="a">United States</subfield><subfield code="b">New Jersey</subfield><subfield code="c">Middlesex</subfield><subfield code="d">New Brunswick.</subfield></datafield><datafield ind1="1" ind2="4" tag="780"><subfield code="t">Magyar hirno&#776;k</subfield><subfield code="w">(DLC)sn 84020476</subfield><subfield code="w">(OCoLC)10937614</subfield></datafield><datafield ind1="1" ind2="4" tag="780"><subfield code="t">Hirado&#769;</subfield><subfield code="w">(DLC)sn 85035593</subfield><subfield code="w">(OCoLC)11933264</subfield></datafield><datafield ind1="1" ind2="4" tag="780"><subfield code="t">Szabad sajto&#769;</subfield></datafield><datafield ind1="1" ind2="4" tag="780"><subfield code="t">Fu&#776;ggetlense&#769;g</subfield><subfield code="w">(DLC)sn 85035600</subfield><subfield code="w">(OCoLC)11938446</subfield></datafield><datafield ind1="1" ind2="4" tag="780"><subfield code="t">Bethdehemi hirado&#769;</subfield></datafield></record>